@article{reshef2011detecting,
  title={Detecting novel associations in large data sets},
  author={Reshef, David N and Reshef, Yakir A and Finucane, Hilary K and Grossman, Sharon R and McVean, Gilean and Turnbaugh, Peter J and Lander, Eric S and Mitzenmacher, Michael and Sabeti, Pardis C},
  journal={science},
  volume={334},
  number={6062},
  pages={1518--1524},
  year={2011},
  publisher={American Association for the Advancement of Science}
}

@article{pal2005random,
  title={Random forest classifier for remote sensing classification},
  author={Pal, Mahesh},
  journal={International Journal of Remote Sensing},
  volume={26},
  number={1},
  pages={217--222},
  year={2005},
  publisher={Taylor \& Francis}
}